@article{acemoglu2002technical,
  author        = {Acemoglu, Daron},
  title         = {Technical Change, Inequality, and the Labor Market},
  year          = {2002},
  journal       = {Journal of Economic Literature},
  volume        = {40},
  number        = {1},
  pages         = {7–72},
  doi           = {10.1257/0022051026976}
}

@incollection{acemoglu2011skills,
  author        = {Acemoglu, Daron and Autor, David},
  title         = {Skills, Tasks and Technologies: Implications for Employment and Earnings},
  year          = {2011},
  booktitle     = {Handbook of Labor Economics},
  editor        = {Ashenfelter, Orley and Card, David},
  volume        = {4},
  pages         = {1043–1171},
  publisher     = {Elsevier},
  doi           = {10.1016/s0169-7218(11)02410-5}
}


@article{acemoglu2019robots,
  author        = {Acemoglu, Daron and Restrepo, Pascual},
  title         = {Robots and Jobs: Evidence from US Labor Markets},
  year          = {2019},
  journal       = {Journal of Political Economy},
  volume        = {128},
  number        = {6},
  pages         = {2188–2244},
  doi           = {10.1086/705716},
}

@article{autor2003theskill,
  author        = {Autor, David H. and Levy, Frank and Murnane, Richard J.},
  title         = {The Skill Content of Recent Technological Change: An Empirical Exploration},
  year          = {2003},  
  journal       = {The Quarterly Journal of Economics},
  volume        = {118},
  number        = {4},
  pages         = {1279–1333},
  doi           = {10.1162/003355303322552801}
}

@article{autor2013thegrowth,
  author        = {Autor, David H. and Dorn, David and Hanson, Gordon H.},
  title         = {The Growth of Low-Skill Service Jobs and the Polarization of the US Labor Market},
  year          = {2013},
  journal       = {American Economic Review},
  volume        = {103},
  number        = {5},
  pages         = {1553–1597},
  doi           = {10.1257/aer.103.5.1553}
}

@article{autor2015whyare,
  author        = {Autor, David H.},
  title         = {Why Are There Still So Many Jobs? The History and Future of Workplace Automation},
  year          = {2015},
  journal       = {Journal of Economic Perspectives},
  volume        = {29},
  number        = {3},
  pages         = {3–30},
  doi           = {10.1257/jep.29.3.3}
}

@article{armbrust2010aview,
  author        = {Armbrust, Michael and Fox, Armando and Griffith, Rean and Joseph, Anthony D. and Katz, Randy and Konwinski, Andy and Lee, Gunho and Patterson, David and Rabkin, Ariel and Stoica, Ion and Zaharia, Matei},
  title         = {A View of Cloud Computing},
  year          = {2010},
  journal       = {Communications of the ACM},
  volume        = {53},
  number        = {4},
  pages         = {50–58},
  publisher     = {Association for Computing Machinery (ACM)},
  doi           = {10.1145/1721654.1721672}
}

@article{arntz2016therisk,
  author        = {Arntz, Melanie and Gregory, Terry and Zierahn, Ulrich},
  title         = {The Risk of Automation for Jobs in OECD Countries: A Comparative Analysis},
  year          = {2016},
  journal       = {OECD Social, Employment and Migration Working Papers},
  number        = {189},
  pages         = {1–35},
  doi           = {10.1787/5jlz9h56dvq7-en}
}

@article{balsmeier2019isthis,
  author        = {Balsmeier, Benjamin and Woerter, Martin},
  title         = {Is this time different? How digitalization influences job creation and destruction},
  year          = {2019},
  journal       = {Research Policy},
  volume        = {48},
  number        = {8},
  pages         = {2‐9},
  doi           = {10.1016/j.respol.2019.03.010}
}

@article{bentolila2012two,
  author        = {Bentolila, Samuel and Cahuc, Pierre and Dolado, Juan J. and Le Barbanchon, Thomas},
  title         = {Two-Tier Labour Markets in the Great Recession: France Versus Spain},
  journal       = {The Economic Journal},
  volume        = {122},
  number        = {562},
  pages         = {F155‐F187},
  year          = {2012},
  doi           = {10.1111/j.1468-0297.2012.02534.x},
  publisher     = {Royal Economic Society},
}


@incollection{brennen2016theinternational,
  author        = {Brennen, J. Scott and Kreiss, Daniel},
  title         = {Digitalization},
  year          = {2016},
  booktitle     = {The International Encyclopedia of Communication Theory and Philosophy},
  pages         = {1–11},
  doi           = {10.1002/9781118766804.wbiect111}
}

@article{brynjolfsson2014thesecond,
  author        = {Brynjolfsson, Erik and McAfee, Andrew},
  title         = {The Second Machine Age: Work, Progress, and Prosperity in a Time of Brilliant Technologies},
  year          = {2014},
  journal       = {Choice Reviews Online},
  volume        = {52},
  number        = {06},
  pages         = {52–3201},
  doi           = {10.5860/choice.184834}
}

@book{cerami2006socialpolicy,
  author        = {Cerami, Alessandro},
  title         = {Social Policy in Central and Eastern Europe: The Emergence of a New European Welfare Regime},
  year          = {2006},
  publisher     = {LIT Verlag},
  address       = {Münster},
  url           = {http://ci.nii.ac.jp/ncid/BA80928479}
}

@article{corrado2018intangible,
  author        = {Corrado, Carol and Haskel, Jonathan and Jona-Lasinio, Cecilia and Iommi, Massimiliano},
  title         = {Intangible investment in the EU and US before and since the Great Recession and its contribution to productivity growth},
  year          = {2018},
  journal       = {Journal of Infrastructure Policy and Development},
  volume        = {2},
  number        = {1},
  pages         = {11–36},
  doi           = {10.24294/jipd.v2i1.205}
}

@book{espingandersen1990thethree,
  author        = {Gøsta Esping-Andersen},
  title         = {The Three Worlds of Welfare Capitalism},
  year          = {1990},
  publisher     = {Princeton University Press},
  address       = {Princeton, NJ},
  isbn          = {9780069028573},
}

@incollection{ferrera1996thesouthern,
  author        = {Ferrera, Maurizio},
  title         = {The 'Southern Model' of Welfare in Social Europe},
  year          = {1996},
  booktitle     = {Journal of European Social Policy},
  volume        = {6},
  number        = {1},
  pages         = {17–37},
  publisher     = {SAGE Publications},
  doi           = {10.1177/095892879600600102}
}

@article{frey2013thefuture,
  author        = {Frey, Carl and Osborne, Michael A.},
  title         = {The future of employment: How susceptible are jobs to computerization?},
  year          = {2013},
  journal       = {Technological Forecasting and Social Change},
  volume        = {114},
  pages         = {254–280},
  doi           = {10.1016/j.techfore.2016.08.019}
}

@article{gandomi2014beyond,
  author        = {Gandomi, A. and Haider, M.},
  title         = {Beyond the Hype: Big Data Concepts, Methods, and Analytics},
  year          = {2014},
  journal       = {International Journal of Information Management},
  volume        = {35},
  number        = {2},
  pages         = {137–144},
  doi           = {10.1016/j.ijinfomgt.2014.10.007}
}

@book{goodin1999thereal,
  author        = {Robert E. Goodin and Bruce Headey and Ruud Muffels and Henk-Jan Dirven},
  title         = {The Real Worlds of Welfare Capitalism},
  year          = {1999},
  publisher     = {Cambridge University Press},
  address       = {Cambridge},
  doi           = {10.1017/cbo9780511490927}
}

@article{goos2014explaining,
  author        = {Goos, Maarten and Manning, Alan and Salomons, Anna},
  title         = {Explaining Job Polarization: Routine-Biased Technological Change and Offshoring},
  year          = {2014},
  journal       = {American Economic Review},
  volume        = {104},
  number        = {8},
  pages         = {2509–2526},
  doi           = {10.1257/aer.104.8.2509}
}

@book{hall2001varieties,
  author        = {Peter A. Hall and David Soskice},
  title         = {Varieties of Capitalism: The Institutional Foundations of Comparative Advantage},
  year          = {2001},
  publisher     = {Oxford University Press},
  address       = {Oxford},
  doi           = {10.1093/0199247757.001.0001}
}

@incollection{hofman2018arbeit,
  author        = {Hofman, Julia},
  title         = {Arbeit 4.0 - Digitalisierung, IT und Arbeit},
  year          = {2018},
  booktitle     = {Edition HMD},
  doi           = {10.1007/978-3-658-21359-6}
}

@book{pearl2009causality,
  author        = {Judea Pearl},
  title         = {Causality: Models, Reasoning, and Inference},
  year          = {2009},
  edition       = {2},
  publisher     = {Cambridge University Press},
  address       = {Cambridge},
  isbn          = {978-0-521-89560-6}
}

@book{kagermann2013recommendations,
  author        = {Kagermann, Henning and Wahlster, Wolfgang and Helbig, Johannes},
  title         = {Recommendations for implementing the strategic initiative INDUSTRIE 4.0: Final report of the Industrie 4.0 Working Group},
  year          = {2013},
  publisher     = {Acatech - National Academy of Science and Engineering},
  address       = {Munich},
  url           = {https://www.din.de/resource/blob/76902/e8cac883f42bf28536e7e8165993f1fd/recommendations-for-implementing-industry-4-0-data.pdf}
}

@book{myant2013transition,
  author        = {Myant, Martin and Drahokoupil, Jan},
  title         = {Tranzitivní ekonomiky [Transition Economies]. Politická ekonomie Ruska, východní Evropy a střední Asie [Political Economy in Russia, Eastern Europe, and Central Asia]},
  year          = {2013},
  publisher     = {Nakladatelství Academia},
  address       = {Prag},
  pages         = {455–459},
  isbn          = {978-80-200-2268-4}
}

@article{nickell1997unemployment,
  author        = {Nickell, Stephen},
  title         = {Unemployment and Labor Market Rigidities: Europe versus North America},
  journal       = {Journal of Economic Perspectives},
  volume        = {11},
  number        = {3},
  pages         = {55–74},
  year          = {1997},
  doi           = {10.1257/jep.11.3.55}
}


@book{oecd2020digital,
  author        = {OECD},
  title         = {OECD Digital Economy Outlook 2020},
  year          = {2020},
  publisher     = {OECD Publishing},
  doi           = {10.1787/bb167041-en},
  url           = {https://doi.org/10.1787/bb167041-en}
}

@misc{oecd2022ict,
  author        = {OECD},
  title         = {ICT Investment as a Share of GDP},
  year          = {2022},
  howpublished  = {OECD Going Digital Toolkit},
  url           = {https://goingdigital.oecd.org/en/indicator/30},
  note          = {Zuletzt abgerufen am 09. Februar 2025}
}

@misc{oecd2022unemployment,
  author        = {OECD},
  title         = {Unemployment Rates by education level},
  year          = {2022},
  howpublished  = {OECD Data Indicators},
  url           = {https://www.oecd.org/en/data/indicators/unemployment-rates-by-education-level.html},
  note          = {Zuletzt abgerufen am 09. Februar 2025}
}

@misc{oecd2022gdp,
  author        = {OECD},
  title         = {Nominal Gross Domestic Product},
  year          = {2022},
  howpublished  = {OECD Data Indicators},
  url           = {https://www.oecd.org/en/data/indicators/nominal-gross-domestic-product-gdp.html},
  note          = {Zuletzt abgerufen am 09. Februar 2025}
}

@misc{oecd2022tud,
  author        = {OECD},
  title         = {Trade Union Density},
  year          = {2022},
  howpublished  = {OECD Data Indicators},
  url           = {https://www.oecd-ilibrary.org/employment/data/trade-unions/trade-union-density_data-00371-en},
  note          = {Zuletzt abgerufen am 09. Februar 2025}
}

@misc{oecd2022regulation,
  author        = {OECD},
  title         = {Employment Protection Legislation},
  year          = {2022},
  publisher     = {OECD Data Explorer},
  url           = {https://data-explorer.oecd.org/vis?df[ds]=DisseminateFinalDMZ&df[id]=DSD_EPL%40DF_EPL&df[ag]=OECD.ELS.JAI&dq=A..EPL_T%2BEPL_R%2BEPL_CD%2BEPL_OV..&pd=2000%2C&to[TIME_PERIOD]=false&vw=tb&ly[cl]=TIME_PERIOD&ly[rs]=MEASURE%2CVERSION&ly[rw]=REF_AREA},
  note          = {Zuletzt abgerufen am 26. Februar 2025}
}

@misc{oecd2022education,
  author        = {OECD},
  title         = {Education Attainment},
  year          = {2022},
  publisher     = {OECD Data Explorer},
  url           = {https://data-explorer.oecd.org/vis?lc=en&fs[0]=Topic%2C1%7CEducation%20and%20skills%23EDU%23%7CEducation%20attainment%23EDU_ATT%23&pg=0&fc=Topic&bp=true&snb=6&vw=tb&df[ds]=dsDisseminateFinalDMZ&df[id]=DSD_EAG_LSO_EA%40DF_LSO_NEAC_DISTR_EA&df[ag]=OECD.EDU.IMEP&df[vs]=1.0&dq=SWE%2BLUX%2BIRL%2BAUS%2BAUT%2BBEL%2BCAN%2BCHL%2BCOL%2BCRI%2BCZE%2BDNK%2BEST%2BFIN%2BFRA%2BDEU%2BGRC%2BHUN%2BISL%2BISR%2BITA%2BJPN%2BKOR%2BLVA%2BLTU%2BMEX%2BNLD%2BNZL%2BNOR%2BPOL%2BPRT%2BSVK%2BSVN%2BESP%2BCHE%2BTUR%2BGBR%2BUSA%2BOECD%2BARG%2BBRA%2BBGR%2BCHN%2BHRV%2BIND%2BIDN%2BPER%2BROU%2BZAF._T.Y25T64.ISCED11A_5T8..........OBS...A&lom=LASTNOBSERVATIONS&lo=20&pd=2002%2C2023&to[TIME_PERIOD]=true},
  note          = {Zuletzt abgerufen am 26. Februar 2025}
}

@book{oecd2019measuring,
  author        = {OECD},
  title         = {Measuring the Digital Transformation: A Roadmap for the Future},
  year          = {2019},
  publisher     = {OECD Publishing},
  address       = {Paris},
  doi           = {10.1787/9789264311992-en}
}

@book{russell2020artificial,
  author        = {Russell, Stuart J. and Norvig, Peter},
  title         = {Artificial Intelligence: A Modern Approach},
  year          = {2020},
  edition       = {4th},
  publisher     = {Pearson},
  address       = {Upper Saddle River, NJ},
  url           = {https://www.scirp.org/reference/referencespapers?referenceid=3614787},
  note          = {Zuletzt abgerufen am 09. Februar 2025}
}

@book{schumpeter1976capitalism,
  author        = {Schumpeter, Joseph A.},
  title         = {Capitalism, socialism and democracy},
  year          = {1976},
  publisher     = {Psychology Press},
}

@book{schwab2016thefourth,
  author        = {Schwab, Klaus},
  title         = {The Fourth Industrial Revolution},
  year          = {2016},
  publisher     = {World Economic Forum},
  address       = {Geneva},
  isbn          = {978-1-944835-00-2}
}

@misc{trabert1997entwicklung,
  author        = {Trabert, L.},
  title         = {Entwicklung und Folgen der Arbeitsmarktflexibilität in Großbritannien},
  year          = {1997},
  institution   = {IWH Halle},
  url           = {https://www.iwh-halle.de/publikationen/detail/entwicklung-und-folgen-der-arbeitsmarktflexibilitaet-in-grossbritannien},
  note          = {Zuletzt abgerufen am 03. März 2025}
}


@article{vu2011ict,
  author        = {Vu, Khuong M.},
  title         = {ICT as a Source of Economic Growth in the Information Age: Empirical Evidence from the 1996–2005 Period},
  year          = {2011},
  journal       = {Telecommunications Policy},
  volume        = {35},
  number        = {4},
  pages         = {357–372},
  doi           = {10.1016/j.telpol.2011.02.008}
}

@book{wooldridge2010econometric,
  author        = {Wooldridge, Jeffrey M.},
  title         = {Econometric Analysis of Cross Section and Panel Data},
  year          = {2010},
  edition       = {2nd},
  publisher     = {MIT Press},
  address       = {Cambridge, MA},
  isbn          = {978-0262232586}
}
